@misc{isa,
		title= {x86 instruction set reference - rdtsc}, 
		url={https://c9x.me/x86/html/file_module_x86_id_278.html}
}


@article{intelProfiling, 
			title={How to Benchmark Code Execution Times on IntelÂ® IA-32 and IA-64 Instruction Set Architectures}, 
			url={Intel.com}, 
			author={Paoloni, Gabriele}, 
			year={2010}, 
			month={Sep}
}
